%%%%%%%%%%%%%%%%%%%%%%%%%%%%%%%%%%%%%%%%%%%%%%%%%%%%%%%%%%%%%%%%%%%%%%%%%%%%%%%%
% BIBLIOGRAFÍA                                                                 %
%                                                                              %
% Objetivo: Recopilar las referencias a información utilizadas y/o algunas     %
%           otras que puedan resultar interesantes                             %
%%%%%%%%%%%%%%%%%%%%%%%%%%%%%%%%%%%%%%%%%%%%%%%%%%%%%%%%%%%%%%%%%%%%%%%%%%%
%%%%%

@Book{BeginningJee7,
  author = {Pablo A. Sznajdleder},
  title = {Beginning Java EE 7},
  edition = {1},
  publisher = {Apress},
  year = {2013}
}

@Book{JavaEE7Recipes,
  author = {Josh Juneau},
  title = {Java EE 7 Recipes: A Problem-Solution Approach},
  edition = {1},
  publisher = {Apress},
  year = {2013}
}

@Book{PrimeFacesCookbook,
  author = {Mert Çalışkan, Oleg Varaksin},
  title = {PrimeFaces Cookbook. Over 90 practical recipes to learn PrimeFaces – the rapidly evolving, leading JSF component suite},
  edition = {1},
  publisher = {Packt Publishing Ltd},
  year = {2013}
}

@Book{CitaEJB,
  author = {Pablo A. Sznajdleder},
  title = {Jee 7 a fondo. Diseño y desarrollo de aplicaciones Java Enterprise},
  edition = {1},
  publisher = {Alfaomega Grupo Editor Argentino},
  year = {2015}
}

@Book{DesarrolloJakartaEE,
  author = {César Francisco Castillo},
  title = {Desarrollo de aplicaciones con Jakarta EE},
  edition = {2},
  publisher = {Marcombo},
  year = {2021}
}

@Book{JavaEEBestPractices,
  author = {The O'Reilly Java Authors},
  title = {Jee 7 a fondo. Diseño y desarrollo de aplicaciones Java Enterprise},
  edition = {1},
  publisher = {O'Reilly \& Associates, Inc.},
  year = {2002}
}


@Online{ventas,
  language = {spanish},
  author = {Guillermo Westreicher},
  title = {Ventas},
  url = {https://economipedia.com/definiciones/ventas.html},
  year = {2020},
  month = {agosto},
  day = {04},
  note = {\dataacceso{} \today}
}

@Online{proceso-venta,
  language = {spanish},
  author = {(Myriam Quiroa},
  title = {Proceso de ventas},
  url = {https://economipedia.com/definiciones/proceso-de-venta.html},
  year = {2020},
  month = {agosto},
  day = {30},
  note = {\dataacceso{} \today}
}

@Online{Hammer-Champy,
 language = {english},
  author = {Michael Hammer and James Champy},
  title = {Reengineering the corporation : a manifesto for business revolution},
  url = {https://archive.org/details/reengineeringcor00hamm},
  year = {1993},
  note = {\dataacceso{} \today}
}

@Online{Weske,
 language = {english},
  author = {Mathias Weske},
  title = {Business Process Management: Concepts, Languages, Architectures},
  url = {https://books.google.com.ar/books?id=-D5tpT5Xz8oC&pg=PA5&redir_esc=y#v=onepage&q&f=false},
  year = {2012},
  note = {\dataacceso{} \today}
}

@Online{Kirchmer,
 language = {english},
  author = {Matias Kirchmer},
  title = {High performance through business process management : strategy execution in a digital world},
  url = {https://books.google.com.ar/books?id=Nz1RDgAAQBAJ&pg=PA3&redir_esc=y#v=onepage&q&f=false},
  year = {2017},
  note = {\dataacceso{} \today}
}

@Online{bpmLifecycle,
  language = {spanish},
  author = {IBM},
  title = {Business Process Management},
  url = {https://www.ibm.com/es-es/cloud/learn/business-process-management},
  note = {\dataacceso{} \today}
}

@Online{UIT-T,
 language = {spanish},
  author = {ITU-T},
  title = {Acerca del ITU-T},
  url =  {https://www.itu.int/es/ITU-T/about/Pages/default.aspx},
  year = {2022},
  note = {\dataacceso{} \today}
}


@Online{TMFORUM,
 language = {english},
  author = {TM Forum},
  title = {About Us},
  url = {https://www.tmforum.org/about-tm-forum/},
  year = {2022},
  note = {\dataacceso{} \today}
}


@Online{PasionatedOSS,
 language = {english},
  author = {Pasionate about OSS},
  title = {What are Operational Support Systems (OSS) and BSS in Telecom},
  url = {https://passionateaboutoss.com/background/what-are-oss-bss/},
  note = {\dataacceso{} \today}
}

@Online{Exin,
 language = {spanish},
  author = {Exin},
  title = {ITIL},
  url = {https://www.exin.com/es/itil/},
  note = {\dataacceso{} \today}
}

@Online{ITSM,
 language = {english},
  author = {Sarah K. White},
  title = {What is ITSM? Managing IT to serve business needs},
  url = {https://www.cio.com/article/230741/what-is-itsm-managing-it-to-serve-business-needs.html#tk.cio_rs},
  year = {2019},
  month = {agosto},
  day = {15},
  note = {\dataacceso{} \today}
}

@Online{Itil-eTom,
 language = {english},
  author = {Invest aura},
  title = {ITIL: only for IT? (Part 2 of 2)},
  url = {http://www.invest-aura.com/2010/11/itil-only-for-it-part-2-of-2/},
  note = {\dataacceso{} \today}
}



@Online{GartnerCRM,
 language = {english},
  author = {Gartner Inc},
  title = {Gartner Glossary - Customer Relationship Management (CRM)},
  url = {https://www.gartner.com/en/information-technology/glossary/customer-relationship-management-crm}, 
  note = {\dataacceso{} \today}
}

@Online{SAP-CRM,
 language = {spanish},
  author = {SAP Company},
  title = {¿Qué es CRM hoy en día?},
  url = {https://www.sap.com/spain/insights/what-is-crm.html}, 
  note = {\dataacceso{} \today}
}

@Online{SalesforceCRMHist,
 language = {english},
  author = {Salesforce, Inc},
  title = {The Complete History of CRM},
  url = {https://www.salesforce.com/ap/hub/crm/the-complete-crm-history/}, 
  note = {\dataacceso{} \today}
}

@Online{ThinkAutoamtionCRM,
 language = {english},
  author = {Parker Software Limited},
  title = {The Complete History of CRM},
  url = {https://www.thinkautomation.com/histories/the-history-of-crm/}, 
  note = {\dataacceso{} \today}
}


@Online{JavaApiFigure,
 language = {english},
  author = {Mario-Leander Reimer},
  title = {Building RESTful Web Services with Java EE 8},
  url = {https://www.packtpub.com/product/building-restful-web-services-with-java-ee-8/9781789532883}, 
  year = {2018},
  month = {july},
  note = {\dataacceso{} \today}
}

@Online{JakartaEE,
 language = {english},
  author = {Jakarta EE Platform Team},
  title = {Jakarta EE Platform},
  url = {https://jakarta.ee/specifications/platform/8/platform-spec-8.pdf}, 
  year = {2019},
  month = {august},
  note = {\dataacceso{} \today}
}

@Online{JakartaEE-eclipse,
 language = {english},
  author = {Eclipse Foundation},
  title = {Jakarta EE: An Open Source Framework for Developing Cloud Native Java Applications},
  url = {https://jakarta.ee/about/jakarta-ee/ }, 
  year = {2019},
  month = {august},
  note = {\dataacceso{} \today}
}


@Online{JEE7-Tutorial,
 language = {english},
  author = {Eric Jendrock et al.},
  title = {Java Platform, Enterprise Edition. The Java EE Tutorial. Release 7},
  url = {https://docs.oracle.com/javaee/7/tutorial/}, 
  year = {2014},
  note = {\dataacceso{} \today}
}

@Online{jooqBaeldung,
 language = {english},
  author = {Baeldung},
  title = {Getting Started with jOOQ},
  url = {https://www.baeldung.com/jooq-intro}, 
  year = {2022},
  note = {\dataacceso{} \today}
}


@Online{VentajasJooq,
 language = {english},
  author = {Crafting Innovation},
  title = {JOOQ: A Happy Medium Between ORMs and JDBC},
  url = {https://cantina.co/jooq-a-happy-medium-between-orms-and-jdbc/}, 
  note = {\dataacceso{} \today}
}


@Online{catalogoITIL,
 language = {spanish},
  author = {ManageEngine - Zoho Corp.},
  title = {Catálogo de servicios de TI},
  url = {https://www.manageengine.com/latam/service-desk/itsm/guia-catalogo-de-servicios-ti.html}, 
  note = {\dataacceso{} \today}
}

@Online{netbeansMVC,
 language = {english},
  author = {Apache NetBeans},
  title = {The NetBeans E-commerce Tutorial - Designing the Application},
  url = {https://netbeans.apache.org//kb/docs/javaee/ecommerce/design.html}, 
  note = {\dataacceso{} \today}
}

@Online{ibmMVC,
 language = {spanish},
  author = {IBM Cloud Education},
  title = {Arquitectura de tres niveles},
  url = {https://www.ibm.com/mx-es/cloud/learn/three-tier-architecture}, 
  year= {2020},
  note = {\dataacceso{} \today}
}

@Online{Log4jDoc,
 language = {spanish},
  author = {Inazio Claver},
  title = {Tutorial Java: Log4j desde cero},
  url = {https://www.programandoapasitos.com/2018/08/tutorial-java-log4j-desde-cero.html}, 
  note = {\dataacceso{} \today}
}

@Online{StackOverflow,
 language = {english}, 
 title = {Stack Overflow}, 
 url = {https://stackoverflow.com/}, 
 note = {\dataacceso{} \today}
}

@Online{Overleaf,
 language = {english},  
 title = {Overleaf}, 
 url = {https://www.overleaf.com}, 
 note = {\dataacceso{} \today}
}

@Online{Ubuntu,
 language = {english},  
 title = {Ubuntu},
 url = {https://ubuntu.com}, 
 note = {\dataacceso{} \today}
}

@Online{Mozilla,
 language = {english},  
 title = {Mozilla},
 url = {https://www.mozilla.org/es-ES/}, 
 note = {\dataacceso{} \today}
}

@Online{Chromium,
 language = {english},  
 title = {Chromium},
 url = {https://www.chromium.org/chromium-projects/}, 
 note = {\dataacceso{} \today}
}

@Online{OpenJDK,
 language = {english},  
 title = {Open JDK},
 url = {https://openjdk.org}, 
 note = {\dataacceso{} \today}
}

@Online{ApacheMaven,
 language = {english},  
 title = {Apache Maven},
 url = {https://https://maven.apache.org/}, 
 note = {\dataacceso{} \today}
}

@Online{EclipseIDE,
 language = {english},  
 title = {Eclipse Foundation},
 url = {https://www.eclipse.org}, 
 note = {\dataacceso{} \today}
}

@Online{Wildfly,
 language = {english},  
 title = {WildFly}, 
 url = {https://www.wildfly.org}, 
 note = {\dataacceso{} \today}
}

@Online{Postgresql,
 language = {english},  
 title = {PostgreSQL},
 url = {https://www.postgresql.org/}, 
 note = {\dataacceso{} \today}
}


@Online{PostgresJDBC,
 language = {english},  
 title = {PostgreSQL JDBC Driver},
 url = {https://jdbc.postgresql.org/download/}, 
 note = {\dataacceso{} \today}
}


@Online{DBeaver,
 language = {english},  
 title = {DBeaver Comunity},
 url = {https://dbeaver.io/}, 
 note = {\dataacceso{} \today}
}

@Online{Primefaces,
 language = {english},  
 title = {Primefaces},
 url = {https://www.primefaces.org/}, 
 note = {\dataacceso{} \today}
}

@Online{Omnifaces,
 language = {english},  
 title = {Omnifaces},
 url = {https://omnifaces.org/}, 
 note = {\dataacceso{} \today}
}


@Online{SchemaSpy,
 language = {english},  
 title = {Schema Spy},
 url = {https://sourceforge.net/projects/schemaspy/}, 
 note = {\dataacceso{} \today}
}

@Online{Umbrello,
 language = {english}, 
 title = {Umbrello}, 
 url = {https://umbrello.kde.org/}, 
 note = {\dataacceso{} \today}
}

@Online{Umlet,
 language = {english},  
 title = {Umlet},
 url = {https://www.umlet.com/}, 
 note = {\dataacceso{} \today}
}

@Online{JooQ,
 language = {english},  
 title = {jOOQ},
 url = {https://www.jooq.org/}, 
 note = {\dataacceso{} \today}
}


@Online{Log4j,
 language = {spanish},
  author = {Inazio Claver},
  title = {Apache Log4j 2},
  url = {https://logging.apache.org/log4j/2.x/}, 
  note = {\dataacceso{} \today}
}


@Online{Git,
 language = {english},  
 title = {Git},
 url = {https://git-scm.com/}, 
 note = {\dataacceso{} \today}
}


@Online{Latex,
 language = {english},  
 title = {The Latex Project},
 url = {https://www.latex-project.org/}, 
 note = {\dataacceso{} \today}
}

@Online{TexMaker,
 language = {english},  
 title = {TexMaker},
 url = {https://www.xm1math.net/texmaker/}, 
 note = {\dataacceso{} \today}
}


@Online{Github,
 language = {english},  
 title = {Github},
 url = {https://github.com/cgcgit/CoMaSw.git}, 
 note = {\dataacceso{} \today}
}


@Online{SalesforceCRM,
 language = {english},  
 title = {Salesforce CRM},
 url = {https://www.salesforce.com/crm/}, 
 note = {\dataacceso{} \today}
}


@Online{SAP,
 language = {english},  
 title = {SAP},
 url = {https://www.sap.com/about.html}, 
 note = {\dataacceso{} \today}
}

@Online{Odoo,
 language = {english},  
 title = {Odoo},
 url = {https://www.odoo.com}, 
 note = {\dataacceso{} \today}
}

@Online{ERPNext,
 language = {english},
 title ={ERPNext},
 url = {https://erpnext.com}, 
 note = {\dataacceso{} \today}
}


@Online{GartnerERP,
 language={english},
 author = {Gartner Inc},
 title={Gartner Glossary - Enterprise Resource Planning (ERP)},
 url = {https://www.gartner.com/en/information-technology/glossary/enterprise-resource-planning-erp},
 note = {\dataacceso{} \today}
}


@Online{SapERP,
language={spanish},
title={¿Qué es ERP?},
url = {https://www.sap.com/latinamerica/insights/what-is-erp.html},
 note = {\dataacceso{} \today}
}

@Online{OracleERP,
language={english},
title={What is ERP?},
url = {https://www.oracle.com/erp/what-is-erp/},
 note = {\dataacceso{} \today}
}

@Online{CoMaSwApp,
language={spanish},
author = {Catarina García Cal},
title = {Repositorio del TFG (memoria y código fuente de la aplicación)},
url = {https://github.com/cgcgit/CoMaSw.git},
 note = {\dataacceso{} \today}
}


